<record><leader>00000cas a22000001a 4500</leader><controlfield tag="001">32358179</controlfield><controlfield tag="007">hd afa015baca</controlfield><controlfield tag="007">hd bfa015baaa</controlfield><controlfield tag="008">950424d18141817nyuwr nea     0    0eng d</controlfield><datafield ind1=" " ind2=" " tag="010"><subfield code="a">sn 94089181 </subfield></datafield><datafield ind1=" " ind2=" " tag="040"><subfield code="a">NN</subfield><subfield code="b">eng</subfield><subfield code="c">RQM</subfield><subfield code="d">OCL</subfield><subfield code="d">OCLCG</subfield><subfield code="d">OCLCQ</subfield><subfield code="d">OCLCO</subfield><subfield code="d">OCLCF</subfield><subfield code="d">OCLCO</subfield><subfield code="d">OCLCQ</subfield><subfield code="d">OCLCA</subfield></datafield><datafield ind1=" " ind2=" " tag="012"><subfield code="i">9502</subfield></datafield><datafield ind1=" " ind2=" " tag="042"><subfield code="a">msc</subfield></datafield><datafield ind1=" " ind2=" " tag="043"><subfield code="a">n-us-ny</subfield></datafield><datafield ind1="0" ind2=" " tag="130"><subfield code="a">Shamrock (New York, N.Y.)</subfield></datafield><datafield ind1="1" ind2="4" tag="245"><subfield code="a">The shamrock.</subfield></datafield><datafield ind1=" " ind2=" " tag="260"><subfield code="a">New-York [N.Y.] :</subfield><subfield code="b">E. Gillespy &amp; T. O'Connor,</subfield><subfield code="c">1814-1817.</subfield></datafield><datafield ind1=" " ind2=" " tag="300"><subfield code="a">volumes :</subfield><subfield code="b">illustrations ;</subfield><subfield code="c">28 cm</subfield></datafield><datafield ind1=" " ind2=" " tag="310"><subfield code="a">Weekly</subfield></datafield><datafield ind1=" " ind2=" " tag="336"><subfield code="a">text</subfield><subfield code="b">txt</subfield><subfield code="2">rdacontent</subfield></datafield><datafield ind1=" " ind2=" " tag="337"><subfield code="a">microform</subfield><subfield code="b">h</subfield><subfield code="2">rdamedia</subfield></datafield><datafield ind1=" " ind2=" " tag="338"><subfield code="a">microfilm reel</subfield><subfield code="b">hd</subfield><subfield code="2">rdacarrier</subfield></datafield><datafield ind1="0" ind2=" " tag="362"><subfield code="a">Vol. 1, no. 1 (June 18, 1814)-v. 1, no. 23 (Jan. 28, 1815); new ser., v. 1, no. 1 (Sept. 2, 1815)-new ser., v. 2, no. 33 (Aug. 16, 1817).</subfield></datafield><datafield ind1=" " ind2=" " tag="500"><subfield code="a">Printers: Nicholas Van Riper, &lt;1814&gt;; Clayton &amp; Fanshaw, 1816-1817; Van Pelt &amp; Riley, 1817.</subfield></datafield><datafield ind1=" " ind2=" " tag="504"><subfield code="a">Includes bibliographical references (Brigham, C.S. Amer. newspapers, page 690).</subfield></datafield><datafield ind1=" " ind2=" " tag="515"><subfield code="a">Suspended with Jan. 28, 1815 issue; resumed with Sept. 2, 1815 issue. Suspended with Aug. 17, 1816 issue; resumed with Dec. 2, 1816 issue.</subfield></datafield><datafield ind1=" " ind2=" " tag="533"><subfield code="a">Microfilm.</subfield><subfield code="m">v.1,no. 1-new ser., v.1,no. 51 (June 18,1814-1816) On film with related titles.</subfield><subfield code="b">New York :</subfield><subfield code="c">New York Public Library,</subfield><subfield code="d">1968.</subfield><subfield code="e">1 microfilm reel ; 35 mm.</subfield></datafield><datafield ind1=" " ind2="0" tag="651"><subfield code="a">New York (N.Y.)</subfield><subfield code="v">Newspapers.</subfield></datafield><datafield ind1=" " ind2="7" tag="651"><subfield code="a">New York (State)</subfield><subfield code="z">New York.</subfield><subfield code="2">fast</subfield><subfield code="0">(OCoLC)fst01204333</subfield></datafield><datafield ind1=" " ind2="7" tag="655"><subfield code="a">Newspapers.</subfield><subfield code="2">fast</subfield><subfield code="0">(OCoLC)fst01423814</subfield></datafield><datafield ind1="1" ind2=" " tag="700"><subfield code="a">O'Connor, Thomas,</subfield><subfield code="d">1770-1855.</subfield></datafield><datafield ind1="1" ind2=" " tag="700"><subfield code="a">Gillespy, Edward.</subfield></datafield><datafield ind1="1" ind2=" " tag="700"><subfield code="a">Van Riper, Nicholas.</subfield></datafield><datafield ind1="1" ind2=" " tag="700"><subfield code="a">Clayton, Henry.</subfield></datafield><datafield ind1="1" ind2=" " tag="700"><subfield code="a">Fanshaw, Daniel,</subfield><subfield code="d">1788?-1860.</subfield></datafield><datafield ind1="1" ind2=" " tag="700"><subfield code="a">Van Pelt, Peter,</subfield><subfield code="d">1779?-1843.</subfield></datafield><datafield ind1="1" ind2=" " tag="700"><subfield code="a">Riley, Benjamin J.,</subfield><subfield code="d">-1817.</subfield></datafield><datafield ind1=" " ind2=" " tag="752"><subfield code="a">United States</subfield><subfield code="b">New York</subfield><subfield code="c">New York</subfield><subfield code="d">New York.</subfield></datafield><datafield ind1="1" ind2=" " tag="776"><subfield code="c">Original</subfield><subfield code="w">(DLC)sn 83031047</subfield></datafield><datafield ind1="0" ind2="0" tag="780"><subfield code="t">Shamrock, or, Hibernian chronicle</subfield><subfield code="w">(DLC)sn 94089180</subfield></datafield><datafield ind1=" " ind2=" " tag="850"><subfield code="a">NN</subfield><subfield code="a">NN (master)</subfield></datafield><datafield ind1="1" ind2=" " tag="029"><subfield code="a">AU@</subfield><subfield code="b">000011686741</subfield></datafield><datafield ind1="1" ind2=" " tag="029"><subfield code="a">NZ1</subfield><subfield code="b">1645363</subfield></datafield></record>